@INPROCEEDINGS{song01,
    author = {Qun Song and Nikola Kasabov},
    title = {ECM - A Novel On-line, Evolving Clustering Method and Its Applications},
    booktitle = {In M. I. Posner (Ed.), Foundations of cognitive science},
    year = {2001},
    pages = {631--682},
    publisher = {The MIT Press}
}

@book{jaindubes88,
    author = "Anil Jain and Richard Dubes",
    title = "Algorithms for Clustering Data",
    publisher = "Prentice Hall",
    year = "1988"
}

@TECHREPORT{jenssen05,
    author = {Robert Jenssen},
    title = {An Information Theoretic Approach to Machine Learning},
    institution = {},
    year = {2005}
}

@book{kononenko07,
  title={Machine learning and data mining: introduction to principles and algorithms},
  author={Kononenko, I. and Kukar, M.},
  isbn={9781904275213},
  lccn={2008531000},
  url={http://books.google.si/books?id=G\_rgpjsnsG8C},
  year={2007},
  publisher={Horwood Publishing}
}

@MISC{rosenberg07,
    author = {Andrew Roseberg and Julia Hirschberg},
    title = {V-Measure: A conditional entropy-based external cluster evaluation measure},
    year = {2007}
}
